<bibtex>

@CONFERENCE{1,
AUTHOR       = {Sarma, P. and Chen, W. H.}, 
TITLE            = {Applications of Optimal Control Theory for Efficient Production Optimization of Realistic Reservoirs},
BOOKTITLE   = {Proceedings of the International Petroleum Technology Conference},
YEAR             = {2008},
Address         = {Kuala Lumpur, Malaysia},
}

@ARTICLE{2,
AUTHOR    = {Brouwer, D. R. and Jansen, J. D.}, 
TITLE         = {Dynamic Optimization of Waterflooding With Smart Wells Using Optimal Control Theory},
JOURNAL  = {SPE Journal},
YEAR         = {2004},
Volume      = {9},
Number     = {4},
Pages       = {391-402},
}
 
@BOOK{3,
AUTHOR     = {Muskat, M.}, 
TITLE          = {Flow of Homogeneous Fluids},
PUBLISHER = {McGraw Hill},
YEAR          = {1937},
}

@misc{4,
author = "Wikipedia",
title = "LaTeX --- Wikipedia{,} The Free Encyclopedia",
year = "2016",
howpublished={\url{https://en.wikipedia.org/}},
note = "[Online; accessed 17-March-2016]"
}

@BOOK{irbook,
AUTHOR    = {R. Baeza-Yates and B. Ribeiro-Neto}, 
TITLE         = {Modern Information Retrieval},
PUBLISHER      = {Addison- Wesley Longman Publishing Company},
YEAR         = {1999},
}

@ARTICLE{untanglingTDM,
AUTHOR    = {M. A. Hearst}, 
TITLE         = {Untangling Text Data Mining},
YEAR         = {1999},
}

@ARTICLE{yawn,
AUTHOR    = {R. Schenkel, F. Suchanek and G. Kasneci}, 
TITLE         = {YAWN: A Semantically Annotated Wikipedia XML Corpus},
YEAR         = {2007},
}

@misc{wikimedia,
author = "Wikimedia Foundation",
title = "Wikimedia Foundation",
year = "2016",
howpublished={\url{https://wikimediafoundation.org/wiki/Home}},
note = "[Online; accessed 17-March-2016]"
}

@misc{wikipedia,
author = "J. Wales and L. Sanger",
title = "Wikipedia, the free encyclopedia",
year = "2016",
howpublished={\url{https://www.wikipedia.org}},
note = "[Online; accessed 17-March-2016]"
}

@misc{mediawiki,
author = "MediaWiki",
title = "MediaWiki",
year = "2015",
howpublished={\url{https://www.mediawiki.org/wiki/MediaWiki}},
note = "[Online; accessed 17-March-2016]"
}

@ARTICLE{lr-wiki,
AUTHOR    = {A. Montero-Asenjo and C. A. Iglesias}, 
TITLE         = {Turning Wikipedia into a resource for language research},
YEAR         = {2008},
}

</bibtex>